@misc{Yan2023,
    title = {Statistical writing},
    url = {https://statds.github.io/stat-writing/},
    publisher = {Statistical Data Science Lab},
    author = {Yan, Elizabeth Schifano and Jun},
    year = {2023},
    month = {Oct}
} 


@article{Li2021,
    author = {Li, Y. and Chen, K. and Yan, J. and Zhang, X.},
    title = {Uncertainty in optimal fingerprinting is underestimated.},
    journal = {Environmental Research Letters},
    volume = {16},
    number = {8},
    doi = {10.1088/1748-9326/ac14ee},
    pages = {084043},
    year = {2021}
}


@article{Morris2019,
    author = {Morris, Tim P. and Others},
    title = {Using Simulation Studies to Evaluate Statistical Methods},
    journal = {Statistics in Medicine},
    volume = {38},
    number = {11},
    doi = {0.1002/sim.8086},
    pages = {2074-210},
    year = {2019}
}
